@article{nowell_1976_the,
  author = {Nowell, Peter C.},
  pages = {23–28},
  title = {The Clonal Evolution of Tumor Cell Populations},
  url = {https://www.jstor.org/stable/1742535?pq-origsite=summon&seq=1#metadata_info_tab_contents},
  volume = {194},
  year = {1976},
  journal = {Science}
}

@article{junttila_2013_influence,
  author = {Junttila, Melissa R. and de Sauvage, Frederic J.},
  month = {09},
  pages = {346-354},
  title = {Influence of tumour micro-environment heterogeneity on therapeutic response},
  doi = {10.1038/nature12626},
  url = {https://www.nature.com/articles/nature12626?page=6},
  volume = {501},
  year = {2013},
  journal = {Nature}
}

@article{egeblad_2010_tumors,
  author = {Egeblad, Mikala and Nakasone, Elizabeth S. and Werb, Zena},
  month = {06},
  pages = {884-901},
  title = {Tumors as Organs: Complex Tissues that Interface with the Entire Organism},
  doi = {10.1016/j.devcel.2010.05.012},
  urldate = {2019-10-12},
  volume = {18},
  year = {2010},
  journal = {Developmental Cell}
}

@article{heindl_2015_mapping,
  author = {Heindl, Andreas and Nawaz, Sidra and Yuan, Yinyin},
  month = {01},
  pages = {377-384},
  title = {Mapping spatial heterogeneity in the tumor microenvironment: a new era for digital pathology},
  doi = {10.1038/labinvest.2014.155},
  urldate = {2020-09-15},
  volume = {95},
  year = {2015},
  journal = {Laboratory Investigation}
}

@article{taranda_2021_3d,
  author = {Taranda, Julian and Turcan, Sevin},
  month = {04},
  pages = {1897},
  title = {3D Whole-Brain Imaging Approaches to Study Brain Tumors},
  doi = {10.3390/cancers13081897},
  url = {https://pubmed.ncbi.nlm.nih.gov/33920839/},
  urldate = {2021-10-15},
  volume = {13},
  year = {2021},
  journal = {Cancers}
}

@article{amato_2016_whole,
  author = {Amato, Stephen P. and Pan, Feng and Schwartz, Joel and Ragan, Timothy M.},
  month = {03},
  title = {Whole Brain Imaging with Serial Two-Photon Tomography},
  doi = {10.3389/fnana.2016.00031},
  urldate = {2020-09-25},
  volume = {10},
  year = {2016},
  journal = {Frontiers in Neuroanatomy}
}

@article{ragan_2012_serial,
  author = {Ragan, Timothy and Kadiri, Lolahon R. and Venkataraju, Kannan Umadevi and Bahlmann, Karsten and Sutin, Jason and Taranda, Julian and Arganda-Carreras, Ignacio and Kim, Yongsoo and Seung, H. Sebastian and Osten, Pavel},
  month = {01},
  pages = {255–258},
  title = {Serial two-photon tomography for automated ex vivo mouse brain imaging},
  doi = {10.1038/nmeth.1854},
  url = {https://pubmed.ncbi.nlm.nih.gov/22245809/},
  volume = {9},
  year = {2012},
  journal = {Nature Methods}
}

@article{devine_2021_mass,
  author = {Devine, Raymond D. and Behbehani, Gregory K.},
  month = {06},
  pages = {297–308},
  title = {Mass Cytometry, Imaging Mass Cytometry, and Multiplexed Ion Beam Imaging Use in a Clinical Setting},
  doi = {10.1016/j.cll.2021.03.008},
  url = {https://pubmed.ncbi.nlm.nih.gov/34020765/},
  volume = {41},
  year = {2021},
  journal = {Clinics in Laboratory Medicine}
}

@article{spitzer_2016_mass,
  author = {Spitzer, Matthew H. and Nolan, Garry P.},
  month = {05},
  pages = {780-791},
  title = {Mass Cytometry: Single Cells, Many Features},
  doi = {10.1016/j.cell.2016.04.019},
  urldate = {2020-12-08},
  volume = {165},
  year = {2016},
  journal = {Cell}
}

@article{baharlou_2019_mass,
  author = {Baharlou, Heeva and Canete, Nicolas P. and Cunningham, Anthony L. and Harman, Andrew N. and Patrick, Ellis},
  month = {11},
  title = {Mass Cytometry Imaging for the Study of Human Diseases—Applications and Data Analysis Strategies},
  doi = {10.3389/fimmu.2019.02657},
  volume = {10},
  year = {2019},
  journal = {Frontiers in Immunology}
}

@misc{ronneberger_2015_unet,
  author = {Ronneberger, Olaf and Fischer, Philipp and Brox, Thomas},
  title = {U-Net: Convolutional Networks for Biomedical Image Segmentation},
  url = {https://arxiv.org/abs/1505.04597},
  year = {2015},
  organization = {arXiv.org}
}

@article{loshchilov_2017_decoupled,
  author = {Loshchilov, Ilya and Hutter, Frank},
  month = {11},
  title = {Decoupled Weight Decay Regularization},
  url = {https://arxiv.org/abs/1711.05101},
  year = {2017},
  journal = {arxiv.org}
}

@misc{he_2015_delving,
  author = {He, Kaiming and Zhang, Xiangyu and Ren, Shaoqing and Sun, Jian},
  title = {Delving Deep into Rectifiers: Surpassing Human-Level Performance on ImageNet Classification},
  url = {https://arxiv.org/abs/1502.01852},
  year = {2015},
  organization = {arXiv.org}
}

@article{gonzalez-solares,
  author = {González-Solares, E. A., Dariush, A., González-Fernández, C., Yoldaş, A. K., Sa’d, M. A., Millar, N., Whitmarsh, T., Chornay, N., Falciatori, I., Fatemi, A., Goodwin, D., Kuett, L., Mulvey, C. M., Ribes, M. P., Qosaj, F., Roth, A., Vásquez-García, I., Watson, S. S., Windhager, J., … Walton, N. A.},
  title = {The Imaging and Molecular Annotation of Xenografts and Tumours (IMAXT) High Throughput Data and Analysis Infrastructure},
  doi = {https://doi.org/10.1101/2021.06.22.448403} 
  year = {2021},
  journal = {ResearchGate}
}

@article{bressan,
  author = {Bressan, D., Mulvey, C. M., Qosaj, F., Becker, R., Grimaldi, F., Coffey, S., Vogl, S. L., Kuett, L., Catena, R., Dariush, A., González-Fernández, C., González-Solares, E. A., Sa’d, M. A., Yoldaş, A. K., Whitmarsh, T., Falciatori, I., Watson, S. S., CRUK IMAXT Grand Challenge Team, Joyce, J. A., …Hannon, G. J.},
  title = {Exploration and analysis of molecularly annotated, 3D models of breast cancer at single-cell resolution using virtual reality},
  doi = {https://doi.org/10.1101/2021.06.28.448342},
  year = {2021},
  journal = {bioRxiv}
}

@article{wu_2020_pointconv,
  author = {Wu, Wenxuan and Qi, Zhongang and Fuxin, Li},
  month = {11},
  title = {PointConv: Deep Convolutional Networks on 3D Point Clouds},
  url = {https://arxiv.org/abs/1811.07246},
  year = {2020},
  journal = {arXiv:1811.07246 [cs]}
}

@article{fan_2016_a,
  author = {Fan, Haoqiang and Su, Hao and Guibas, Leonidas},
  month = {12},
  title = {A Point Set Generation Network for 3D Object Reconstruction from a Single Image},
  url = {https://arxiv.org/abs/1612.00603},
  urldate = {2021-12-15},
  year = {2016},
  journal = {arXiv:1612.00603 [cs]}
}

@misc{qi_2016_pointnet,
  author = {Qi, Charles R and Su, Hao and Mo, Kaichun and Guibas, Leonidas J},
  title = {PointNet: Deep Learning on Point Sets for 3D Classification and Segmentation},
  url = {https://arxiv.org/abs/1612.00593},
  urldate = {2019-11-07},
  year = {2016},
  organization = {arXiv.org}
}